%
% local.bib
%
@Misc{Kuneva09, 
        author = "M. Kuneva", 
        title = "Roundtable on Online Data Collection, Targeting and Profiling: Keynote Speech",
        year = 2009, 
        month = mar, 
        address = "Brussels, Belgium",
        note = "Available from \urlBibTeX{http://europa.eu/rapid/press-release_SPEECH-09-156_en.htm}."
}
@Misc{aislelabs, 
        note = "\urlBibTeX{http://www.aislelabs.com}"
}
@Misc{nomi, 
        note = "\urlBibTeX{http://www.nomi.com}"
}
@Misc{retailnext, 
        note = "\urlBibTeX{http://www.retailnext.net}"
}
@Misc{freshplum, 
        note = "\urlBibTeX{http://www.freshplum.com}"
}
